<?xml version="1.0" encoding="UTF-8"?><collection xmlns="http://www.loc.gov/MARC21/slim"><record><leader>00340nam--2200133-i-4500</leader><controlfield tag="001">000041303</controlfield><controlfield tag="002">20161230</controlfield><controlfield tag="005">20161230201043</controlfield><controlfield tag="008">060222s1000------------r-----000-0-eng-d</controlfield><datafield ind1=" " ind2=" " tag="080"><subfield code="a">533.9</subfield></datafield><datafield ind1=" " ind2=" " tag="100"><subfield code="a">Seshadri,S.R</subfield></datafield><datafield ind1=" " ind2=" " tag="245"><subfield code="a">Fundamentals of plasma physics</subfield></datafield><datafield ind1=" " ind2=" " tag="260"><subfield code="a">New York, American Elsevier Publ.Co.,1973. Xiv + 545 P</subfield></datafield><datafield ind1=" " ind2=" " tag="852"><subfield code="a">40946</subfield></datafield></record></collection>